@article{einstein,
    author = "Albert Einstein",
    title = "{Zur Elektrodynamik bewegter K{\"o}rper}. ({German})
    [{On} the electrodynamics of moving bodies]",
    journal = "Annalen der Physik",
    volume = "322",
    number = "10",
    pages = "891--921",
    year = "1905",
    DOI = "http://dx.doi.org/10.1002/andp.19053221004",
    keywords = "physics"
}

@book{dirac,
    title = {The Principles of Quantum Mechanics},
    author = {Paul Adrien Maurice Dirac},
    isbn = {9780198520115},
    series = {International series of monographs on physics},
    year = {1981},
    publisher = {Clarendon Press},
    keywords = {physics}
}

@online{gestionwebsite,
    author = "Yanneth Gutiérrez Sánchez",
    title = "Gestion de memoria",
    url  = "https://sites.google.com/site/sisoper1/home/gestion-de-memoria#:",
    addendum = "(accessed: 03.09.2020)",
    keywords = "latex,knuth"
}

@online{ecuredwebsite,
    author = "EcuRed",
    title = "Memoria (informática)",
    url  = "https://www.ecured.cu/Memoria_(informática)",
    addendum = "(accessed: 04.09.2020)",
    keywords = "latex,memoria"
}

@online{tecdwebsite,
    author = "Tecnología+informática",
    title = "La memoria de la computadora",
    url  = "https://www.tecnologia-informatica.com/memoria-computadora/",
    addendum = "(accessed: 03.09.2020)",
    keywords = "latex,memoria"
}

@inbook{knuth-fa,
    author = "Donald E. Knuth",
    title = "Fundamental Algorithms",
    publisher = "Addison-Wesley",
    year = "1973",
    chapter = "1.2",
    keywords  = "knuth,programming"
}